@ARTICLE{algoDubois,
    author = {Eric Dubois},
    title = {A projection method to generate anaglyph stereo images},
    journal = "IEEE International Conference",
    year = 2001,
    volume = 3,
    pages = {1661--1664}
}
@ARTICLE{stereogram,
    author = {Stuart Inglis and Harold W. Thimbleby and Ian H. Witten},
    title = {Displaying 3D Images: Algorithms for Single Image Random Dot Stereograms},
    journal = "IEEE Computer",
    year = 1994,
    volume = 27,
    pages = {38--48}
}
@ARTICLE{printAnaglyph,
    author = {Elena Patana and Ilia Safonov and Michael Rychagov},
    title = {Adaptive 3D Color Anaglyph Generation for Printing},
    journal = {GraphiCon’2012 Conference},
    year = 2012,
    volume = {Conference Proceedings},
    pages = {55--60}
}
@ARTICLE{steteroAnaglyph,
    author = {Alkhadour W and Ipson S and Zraqou J and Qahwaji R and Haigh J},
    title = {Creating a Color Anaglyph from a Pseudo-Stereo Pair of Images},
    journal = "4th ICIT",
    year = 2009,
    pages = {--}
}

@MISC{wasteer,
author = {Steer W. A},
title = {Stereograms: Technical details},
howpublished = "\url{http://www.techmind.org/stereo/stech.html}",
year = 2002,
month = "Juin"
}

@MISC{garybeene,
author = {Beene G},
title = {Stereogram algorithms -- Basics},
howpublished = "\url{http://www.garybeene.com/stereo/rds-alg_basic.htm}",
year = 2006
}

@ARTICLE{anaglypheDefaut,
    author = {Andrew J. Woods and Chris R. Harris},
    title = {Comparing levels of crosstalk with red/cyan,
    blue/yellow, and green/magenta anaglyph 3D glasses},
    journal = "Proceedings of SPIE Stereoscopic Displays and Applications XXI",
    year = 2010,
    volume = 7253,
    pages = {0Q1--0Q12}
}
@MISC{algoMoindreCarres,
author = {Eric Dubois},
title = {Conversion of a Stereo Pair to Anaglyph with the Least-Squares Projection Method},
howpublished = "\url{http://www.site.uottawa.ca/~edubois/anaglyph/LeastSquaresHowToPhotoshop.pdf}",
year = 2009,
month = "March"
}
@MISC{explicationAlgoDubois,
author = {David Romeuf},
title = {Création d'un anaglyphe sans rivalité colorée
Transformation des couleurs originales du couple stéréophotographique vers des couleurs adéquates pour l'anaglyphe
Méthode de transformation de Eric Dubois},
howpublished = "\url{http://www.david-romeuf.fr/3D/Anaglyphes/TCAnaglypheLSDubois/TransformationCouleursPourAnaglyphe.html}",
year = 2008,
month = "Juillet"
}