@ARTICLE{,
    author = {},
    title = {},
    journal = {r},
    year = {},
    volume = {},
    pages = {--}
}
@ARTICLE{algoDubois,
    author = {Eric Dubois},
    title = {A projection method to generate anaglyph stereo images},
    journal = {IEEE International Conference},
    year = {2001},
    volume = {3},
    pages = {1661--1664}
}
@ARTICLE{stereogram,
    author = {Stuart Inglis and Harold W. Thimbleby and Harold W. Thimbleby and Ian Witten and Ian H. Witten},
    title = {Displaying 3D Images: Algorithms for Single Image Random Dot Stereograms},
    journal = {IEEE Computer},
    year = {1994},
    volume = {27},
    pages = {38--48}
}
@ARTICLE{printAnaglyph,
    author = {Elena Patana and Ilia Safonov and Michael Rychagov},
    title = {Adaptive 3D Color Anaglyph Generation for Printing},
    journal = {GraphiConâ€™2012 Conference},
    year = {2012},
    volume = {Conference Proceedings},
    pages = {55--}60
}
@ARTICLE{steteroAnaglyph,
    author = {Alkhadour W and Ipson S and Zraqou J and Qahwaji R and Haigh J,},
    title = {Creating a Color Anaglyph from a Pseudo-Stereo Pair of Images},
    journal = {4th ICIT},
    year = {2009},
    volume = {},
    pages = {--}
}
